%MyMediaLite
@inproceedings{Gantner2011MyMediaLite,
    author    = { Zeno Gantner and Steffen Rendle and Christoph Freudenthaler and Lars Schmidt-Thieme },
    title     = { {MyMediaLite}: A Free Recommender System Library },
    booktitle = { Proceedings of the 5th ACM Conference
                  on Recommender Systems (RecSys 2011) },
    year      = 2011
}

%PREA
@ARTICLE{2012arXiv1205.3193L,
   author = {{Lee}, J. and {Sun}, M. and {Lebanon}, G.},
    title = "{A Comparative Study of Collaborative Filtering Algorithms}",
  journal = {ArXiv e-prints},
archivePrefix = "arXiv",
   eprint = {1205.3193},
 primaryClass = "cs.IR",
 keywords = {Computer Science - Information Retrieval, Statistics - Machine Learning, I.2.6, H.2.8},
     year = 2012,
    month = may,
   adsurl = {http://adsabs.harvard.edu/abs/2012arXiv1205.3193L},
  adsnote = {Provided by the SAO/NASA Astrophysics Data System}
}

@ONLINE{mahout,
title = {Apache Mahout},
url = {http://mahout.apache.org/}
}

@ONLINE{duine,
title = {Duine Framework},
url = {http://www.duineframework.org/}
}

@ONLINE{cofi,
title = {CofiRank},
url = {https://sites.google.com/a/cofirank.org/index/Home}
}

%lenskit grouplens
@inproceedings{Ekstrand:2011:RRR:2043932.2043958,
 author = {Ekstrand, Michael D. and Ludwig, Michael and Konstan, Joseph A. and Riedl, John T.},
 title = {Rethinking the recommender research ecosystem: reproducibility, openness, and LensKit},
 booktitle = {Proceedings of the fifth ACM conference on Recommender systems},
 series = {RecSys '11},
 year = {2011},
 isbn = {978-1-4503-0683-6},
 location = {Chicago, Illinois, USA},
 pages = {133--140},
 numpages = {8},
 url = {http://doi.acm.org/10.1145/2043932.2043958},
 doi = {10.1145/2043932.2043958},
 acmid = {2043958},
 publisher = {ACM},
 address = {New York, NY, USA},
 keywords = {evaluation, implementation, recommender systems},
} 

@ONLINE{recsyslab,
title = {recsyslab},
url = {https://github.com/Foolius/recsyslab}
}

@inproceedings{Karypis:2001:EIT:502585.502627,
 author = {Karypis, George},
 title = {Evaluation of Item-Based Top-N Recommendation Algorithms},
 booktitle = {Proceedings of the tenth international conference on Information and knowledge management},
 series = {CIKM '01},
 year = {2001},
 isbn = {1-58113-436-3},
 location = {Atlanta, Georgia, USA},
 pages = {247--254},
 numpages = {8},
 url = {http://doi.acm.org/10.1145/502585.502627},
 doi = {10.1145/502585.502627},
 acmid = {502627},
 publisher = {ACM},
 address = {New York, NY, USA},
 keywords = {collaborative filtering, recommender system},
} 

@INPROCEEDINGS{Sarwar00applicationof,
    author = {Badrul M. Sarwar and George Karypis and Joseph A. Konstan and John T. Riedl},
    title = {Application of Dimensionality Reduction in Recommender System -- A Case Study},
    booktitle = {IN ACM WEBKDD WORKSHOP},
    year = {2000},
    publisher = {}
}

@inproceedings{Rendle:2009:BBP:1795114.1795167,
 author = {Rendle, Steffen and Freudenthaler, Christoph and Gantner, Zeno and Schmidt-Thieme, Lars},
 title = {BPR: Bayesian personalized ranking from implicit feedback},
 booktitle = {Proceedings of the Twenty-Fifth Conference on Uncertainty in Artificial Intelligence},
 series = {UAI '09},
 year = {2009},
 isbn = {978-0-9749039-5-8},
 location = {Montreal, Quebec, Canada},
 pages = {452--461},
 numpages = {10},
 url = {http://dl.acm.org/citation.cfm?id=1795114.1795167},
 acmid = {1795167},
 publisher = {AUAI Press},
 address = {Arlington, Virginia, United States},
}

@inproceedings{jahrer2011collaborative,
  title={Collaborative filtering ensemble for ranking},
  author={Jahrer, Michael and T{\"o}scher, Andreas},
  booktitle={Proc. of KDD Cup Workshop at 17th ACM SIGKDD Int. Conf. on Knowledge Discovery and Data Mining, KDD},
  volume={11},
  year={2011}
}

@ONLINE{movielensdatasets,
title = {MovieLens Data Sets},
url = {http://grouplens.org/node/73}
}

@INPROCEEDINGS{Bertin-Mahieux2011,
  author = {Thierry Bertin-Mahieux and Daniel P.W. Ellis and Brian Whitman and Paul Lamere},
  title = {The Million Song Dataset},
  booktitle = {{Proceedings of the 12th International Conference on Music Information
	Retrieval ({ISMIR} 2011)}},
  year = {2011},
  owner = {thierry},
  timestamp = {2010.03.07}
}

@ONLINE{snap,
title = {Snap Twitter Dataset},
url = {http://snap.stanford.edu/data/twitter7.html}
}

@article{DBLP:journals/corr/abs-cs-0702144,
    author    = {Daniel Lemire and
        Anna Maclachlan},
    title     = {Slope One Predictors for Online Rating-Based Collaborative
        Filtering},
    journal   = {CoRR},
    volume    = {abs/cs/0702144},
    year      = {2007},
    ee        = {http://arxiv.org/abs/cs/0702144},
    bibsource = {DBLP, http://dblp.uni-trier.de}
}

@ONLINE{youtube,
title = {Youtube Video Platform},
url = {https://www.youtube.com/}
}

@ONLINE{python,
title = {Python Programming Language},
url = {http://www.python.org/}
}

@ONLINE{leaveoneout,
title = {The Leave-one-out Protocol},
url = {http://en.wikipedia.org/wiki/Cross-validation_%28statistics%29#Leave-one-out_cross-validation}
}

@ONLINE{mrhr,
title = {Mean reciprocal rank},
url = {http://en.wikipedia.org/wiki/Mean_reciprocal_rank}
}

@ONLINE{netflixprize,
title = {Netflix Prize},
url = {http://www.netflixprize.com/}
}
